@article{Szeliski, 
author = {R. Szeliski}, 
title = {Compputer Vision: Algorithms and Applications}, 
publisher = {Springer}, 
year = 2011, 
} 

@article{Forsyth, 
author = {D. Forsyth and J. Ponce}, 
title = {Computer Vision: A Modern Approach}, 
publisher = {Prentice Hall}, 
year = 2011, 
} 

@article{amfm_pami2011,
 author = {Arbelaez, Pablo and Maire, Michael and Fowlkes, Charless and Malik, Jitendra},
 title = {Contour Detection and Hierarchical Image Segmentation},
 journal = {IEEE Trans. Pattern Anal. Mach. Intell.},
 issue_date = {May 2011},
 volume = {33},
 number = {5},
 month = {may},
 year = {2011},
 issn = {0162-8828},
 pages = {898--916},
 numpages = {19},
 url = {http://dx.doi.org/10.1109/TPAMI.2010.161},
 doi = {10.1109/TPAMI.2010.161},
 acmid = {1963088},
 publisher = {IEEE Computer Society},
 address = {Washington, DC, USA},
 keywords = {Contour detection, image segmentation, computer vision.},
} 

@article{UCM, 
author = {Arbelaez, Pablo and Maire, Michael and Fowlkes, Charless and Malik, Jitendra}, 
title = {Contour Detection and Hierarchical Image Segmentation}, 
journal = {IEEE Trans. Pattern Anal. Mach. Intell.},
publisher = {IEEE Computer Society},
volume = {33},
number = {5},
month = {may},
year = 2011, 
} 