@article{Szeliski, 
author = {R. Szeliski}, 
title = {Compputer Vision: Algorithms and Applications}, 
publisher = {Springer}, 
year = 2011, 
} 

@misc{vedaldi08vlfeat,
 Author = {A. Vedaldi and B. Fulkerson},
 Title = {{VLFeat}: An Open and Portable Library
          of Computer Vision Algorithms},
 Year  = {2008},
 Howpublished = {\url{http://www.vlfeat.org/}}
 
 
 @article{Caltech, 
author = {L. Fei-Fei, R. Fergus and P. Perona}, 
title = {Learning generative visual models
from few training examples: an incremental Bayesian approach tested on
101 object categories}, 
journal = {CVPR 2004, Workshop on Generative-Model
Based Vision},
publisher = {IEEE},
year = 2004, 
}
