@article{Szeliski, 
author = {R. Szeliski}, 
title = {Compputer Vision: Algorithms and Applications}, 
publisher = {Springer}, 
year = 2011, 
} 

@article{Forsyth, 
author = {D. Forsyth and J. Ponce}, 
title = {Computer Vision: A Modern Approach}, 
publisher = {Prentice Hall}, 
year = 2011, 
} 

@article{Base, 
author = {Lazebnik, Svetlana and  Schmid, Cordelia and Ponce, Jean}, 
title = {A Sparse Texture Representation Using Local Affine Regions}, 
journal = {IEEE Trans. Pattern Anal. Mach. Intell.},
publisher = {IEEE Computer Society},
volume = {27},
number = {8},
month = {aug},
year = 2005, 
}

@article{Interseccion, 
author = {OpenCV}, 
title = {Histograms}, 
publisher = {OpenCV 2.4.11.0 documentation},
month = {feb},
year = 2015, 
}